@article{miller1990empirical,
  title={An empirical study of the reliability of UNIX utilities},
  author={Miller, Barton P and Fredriksen, Lars and So, Bryan},
  journal={Communications of the ACM},
  volume={33},
  number={12},
  pages={32--44},
  year={1990},
  publisher={ACM New York, NY, USA}
}
@inproceedings{godefroid2005dart,
  title={DART: Directed automated random testing},
  author={Godefroid, Patrice and Klarlund, Nils and Sen, Koushik},
  booktitle={Proceedings of the 2005 ACM SIGPLAN conference on Programming language design and implementation},
  pages={213--223},
  year={2005}
}
@inproceedings{cadar2008klee,
  title={Klee: unassisted and automatic generation of high-coverage tests for complex systems programs.},
  author={Cadar, Cristian and Dunbar, Daniel and Engler, Dawson R and others},
  booktitle={OSDI},
  volume={8},
  pages={209--224},
  year={2008}
}
@article{sen2005cute,
  title={CUTE: A concolic unit testing engine for C},
  author={Sen, Koushik and Marinov, Darko and Agha, Gul},
  journal={ACM SIGSOFT Software Engineering Notes},
  volume={30},
  number={5},
  pages={263--272},
  year={2005},
  publisher={ACM New York, NY, USA}
}
@inproceedings{yan2006backtracking,
  title={Backtracking algorithms and search heuristics to generate test suites for combinatorial testing},
  author={Yan, Jun and Zhang, Jian},
  booktitle={30th Annual International Computer Software and Applications Conference (COMPSAC'06)},
  volume={1},
  pages={385--394},
  year={2006},
  organization={IEEE}
}
@inproceedings{chakrabarti2006software,
  title={Software partitioning for effective automated unit testing},
  author={Chakrabarti, Arindam and Godefroid, Patrice},
  booktitle={Proceedings of the 6th ACM \& IEEE International conference on Embedded software},
  pages={262--271},
  year={2006}
}
@inproceedings{sen2007concolic,
  title={Concolic testing},
  author={Sen, Koushik},
  booktitle={Proceedings of the twenty-second IEEE/ACM international conference on Automated software engineering},
  pages={571--572},
  year={2007}
}
@inproceedings{majumdar2007hybrid,
  title={Hybrid concolic testing},
  author={Majumdar, Rupak and Sen, Koushik},
  booktitle={29th International Conference on Software Engineering (ICSE'07)},
  pages={416--426},
  year={2007},
  organization={IEEE}
}
@inproceedings{godefroid2007compositional,
  title={Compositional dynamic test generation},
  author={Godefroid, Patrice},
  booktitle={Proceedings of the 34th annual ACM SIGPLAN-SIGACT symposium on Principles of programming languages},
  pages={47--54},
  year={2007}
}
@article{cadar2008exe,
  title={EXE: Automatically generating inputs of death},
  author={Cadar, Cristian and Ganesh, Vijay and Pawlowski, Peter M and Dill, David L and Engler, Dawson R},
  journal={ACM Transactions on Information and System Security (TISSEC)},
  volume={12},
  number={2},
  pages={1--38},
  year={2008},
  publisher={ACM New York, NY, USA}
}
@INPROCEEDINGS{kousik2008heuristic,
  author={Burnim, Jacob and Sen, Koushik},
  booktitle={2008 23rd IEEE/ACM International Conference on Automated Software Engineering}, 
  title={Heuristics for Scalable Dynamic Test Generation}, 
  year={2008},
  volume={},
  number={},
  pages={443-446},
  doi={10.1109/ASE.2008.69}
}
@inproceedings{xie2009fitness,
  title={Fitness-guided path exploration in dynamic symbolic execution},
  author={Xie, Tao and Tillmann, Nikolai and De Halleux, Jonathan and Schulte, Wolfram},
  booktitle={2009 IEEE/IFIP International Conference on Dependable Systems \& Networks},
  pages={359--368},
  year={2009},
  organization={IEEE}
}
@article{godefroid2012sage,
  title={SAGE: Whitebox Fuzzing for Security Testing: SAGE has had a remarkable impact at Microsoft.},
  author={Godefroid, Patrice and Levin, Michael Y and Molnar, David},
  journal={Queue},
  volume={10},
  number={1},
  pages={20--27},
  year={2012},
  publisher={ACM New York, NY, USA}
}
@inproceedings{jaffar2013boosting,
  title={Boosting concolic testing via interpolation},
  author={Jaffar, Joxan and Murali, Vijayaraghavan and Navas, Jorge A},
  booktitle={Proceedings of the 2013 9th Joint Meeting on Foundations of Software Engineering},
  pages={48--58},
  year={2013}
}
@inproceedings{seo2014we,
  title={How we get there: A context-guided search strategy in concolic testing},
  author={Seo, Hyunmin and Kim, Sunghun},
  booktitle={Proceedings of the 22nd ACM SIGSOFT International Symposium on Foundations of Software Engineering},
  pages={413--424},
  year={2014}
}
@inproceedings{sun2018concolic,
  title={Concolic testing for deep neural networks},
  author={Sun, Youcheng and Wu, Min and Ruan, Wenjie and Huang, Xiaowei and Kwiatkowska, Marta and Kroening, Daniel},
  booktitle={Proceedings of the 33rd ACM/IEEE International Conference on Automated Software Engineering},
  pages={109--119},
  year={2018}
}
@article{fsct2019,
title = {FSCT: A new fuzzy search strategy in concolic testing},
journal = {Information and Software Technology},
volume = {107},
pages = {137-158},
year = {2019},
issn = {0950-5849},
doi = {https://doi.org/10.1016/j.infsof.2018.11.006},
url = {https://www.sciencedirect.com/science/article/pii/S0950584918302428},
author = {Arash Sabbaghi and Hamidreza {Rashidy Kanan} and Mohammad Reza Keyvanpour},
}
@inproceedings{cha2018automatically,
  title={Automatically generating search heuristics for concolic testing},
  author={Cha, Sooyoung and Hong, Seongjoon and Lee, Junhee and Oh, Hakjoo},
  booktitle={Proceedings of the 40th International Conference on Software Engineering},
  pages={1244--1254},
  year={2018}
}
@inproceedings{cha2018template,
  title={Template-guided concolic testing via online learning},
  author={Cha, Sooyoung and Lee, Seonho and Oh, Hakjoo},
  booktitle={Proceedings of the 33rd ACM/IEEE International Conference on Automated Software Engineering},
  pages={408--418},
  year={2018}
}
@inproceedings{wang2018towards,
  title={Towards optimal concolic testing},
  author={Wang, Xinyu and Sun, Jun and Chen, Zhenbang and Zhang, Peixin and Wang, Jingyi and Lin, Yun},
  booktitle={Proceedings of the 40th International Conference on Software Engineering},
  pages={291--302},
  year={2018}
}
@inproceedings{yun2018qsym,
  title        = {{QSYM: A Practical Concolic Execution Engine Tailored for Hybrid Fuzzing}},
  author       = {Insu Yun and Sangho Lee and Meng Xu and Yeongjin Jang and Taesoo Kim},
  booktitle    = {Proceedings of the 27th USENIX Security Symposium (Security)},
  month        = aug,
  year         = 2018,
  address      = {Baltimore, MD},
}
@inproceedings{adapt2019heuristic,
  title={Concolic testing with adaptively changing search heuristics},
  author={Cha, Sooyoung and Oh, Hakjoo},
  booktitle={Proceedings of the 2019 27th ACM Joint Meeting on European Software Engineering Conference and Symposium on the Foundations of Software Engineering},
  pages={235--245},
  year={2019}
}
@article{review2020,
    title = {A Systematic Review of Search Strategies in Dynamic Symbolic Execution},
    journal = {Computer Standards & Interfaces},
    volume = {72},
    pages = {103444},
    year = {2020},
    issn = {0920-5489},
    doi = {https://doi.org/10.1016/j.csi.2020.103444},
    url = {https://www.sciencedirect.com/science/article/pii/S0920548919300066},
    author = {Arash Sabbaghi and Mohammad Reza Keyvanpour}
}
@INPROCEEDINGS{pathcrawler2021,
  author={Williams, Nicky},
  booktitle={2021 IEEE/ACM International Conference on Automation of Software Test (AST)}, 
  title={Towards exhaustive branch coverage with PathCrawler}, 
  year={2021},
  volume={},
  number={},
  pages={117-120},
  doi={10.1109/AST52587.2021.00022}
}
@article{drPathfinder2022,
  title={Dr. PathFinder: hybrid fuzzing with deep reinforcement concolic execution toward deeper path-first search},
  author={Jeon, Seungho and Moon, Jongsub},
  journal={Neural Computing and Applications},
  volume={34},
  number={13},
  pages={10731--10750},
  year={2022},
  publisher={Springer}
}
@article{fumarola2016clofast,
  title={CloFAST: closed sequential pattern mining using sparse and vertical id-lists},
  author={Fumarola, Fabio and Lanotte, Pasqua Fabiana and Ceci, Michelangelo and Malerba, Donato},
  journal={Knowledge and Information Systems},
  volume={48},
  pages={429--463},
  year={2016},
  publisher={Springer}
}